<?xml version="1.0" encoding="UTF-8"?><record xmlns="http://www.loc.gov/MARC21/slim" xmlns:cinclude="http://apache.org/cocoon/include/1.0" xmlns:zs="http://www.loc.gov/zing/srw/">
  <leader>00493nz  a2200145n  4500</leader>
  <controlfield tag="001">no2010020359</controlfield>
  <controlfield tag="003">DLC</controlfield>
  <controlfield tag="005">20100206075632.0</controlfield>
  <controlfield tag="008">100204n| acannaabn          |a aaa     c</controlfield>
  <datafield tag="010" ind1=" " ind2=" ">
    <subfield code="a">no2010020359</subfield>
  </datafield>
  <datafield tag="035" ind1=" " ind2=" ">
    <subfield code="a">(OCoLC)oca08385404</subfield>
  </datafield>
  <datafield tag="040" ind1=" " ind2=" ">
    <subfield code="a">MX-SlUA</subfield>
    <subfield code="b">eng</subfield>
    <subfield code="c">MX-SlUA</subfield>
  </datafield>
  <datafield tag="100" ind1="1" ind2=" ">
    <subfield code="a">Rivas Rubio, Alberto</subfield>
  </datafield>
  <datafield tag="400" ind1="1" ind2=" ">
    <subfield code="a">Rubio, Alberto Rivas</subfield>
  </datafield>
  <datafield tag="670" ind1=" " ind2=" ">
    <subfield code="a">El contador pu패blico como asesor del contribuyente, 1996:</subfield>
    <subfield code="b">t.p. (Alberto Rivas Rubio; Universidad Auto패noma de San Luis Potosi패; Contador Pu패blico)</subfield>
  </datafield>
</record>